@misc{stefanowski,
author={Jerzy Stefanowski},
title = {Wykład ,,{W}prowadzenie do uczenia maszynowego''},
journal ={},
year={2009},
organization={Instytut Informatyki Politechnika Poznanska},
howpublished = {\url{http://www.cs.put.poznan.pl/jstefanowski/ml/NEWML_W1lastr.pdf}},
note = {Instytut Informatyki Politechnika Poznanska, Dostęp:12.08.2017},
}

@Book{leksykon,
author={Ryszard Tadeusiewicz, Maciej Szaleniec},
title = {Leksykon Sieci Neuronowych},
publisher = {Wydawnictwo Fundacji "Projekt Nauka"},
address = {Wrocław},
journal ={},
year={2015}
}

@Book{tadeusiewicz,
author={Ryszard Tadeusiewicz},
title = {Sieci Neuronowe},
publisher = {Akademicka Oficyna Wydawnicza},
address = {Warszawa},
journal ={},
year={1993}
}

% http://www.cs.cmu.edu/afs/cs.cmu.edu/user/mitchell/ftp/mlbook.html
@article{mitchel,
  title={Machine Learning ({M}c{G}raw-{H}ill {I}nternational {E}ditions {C}omputer {S}cience {S}eries)},
  author={Mitchell, Tom M},
  year={1997},
  publisher={McGraw-Hill}
}

@misc{formal2,
author={Yaser Abu-Mostafa},
title = {{M}achine learinng course - ,,{L}earning {F}rom {D}ata''},
journal ={},
year={2012},
organization={California Institute of Technology.},
howpublished = {\url{http://work.caltech.edu/lectures.html}},
note = {California Institute of Technology, Dostęp:12.08.2017},
}


@misc{dtscikit,
author={Scikit{-}{L}earn {L}ibrary {R}eference},
title = {Decision trees},
journal ={},
year={2007-2017},
howpublished = {\url{http://scikit-learn.org/stable/modules/tree.html}},
note = {Dostęp:12.08.2017},
}

@misc{CART,
author={IBM},
title = {Statistical Algorithms},
journal ={},
howpublished = {\url{ftp://ftp.boulder.ibm.com/software/analytics/spss/support/Stats/Docs/Statistics/Algorithms/14.0/TREE-CART.pdf}},
note = {Dostęp:12.08.2017},
}



